%
% converted from refer format by refer-to-bibtex 0.9.3 -- 17:00, 17 Aug 109
% r2b articles
%


@article{DBLP:journals/corr/HeZRS15,
  author    = {Kaiming He and
               Xiangyu Zhang and
               Shaoqing Ren and
               Jian Sun},
  title     = {Deep Residual Learning for Image Recognition},
  journal   = {CoRR},
  volume    = {abs/1512.03385},
  year      = {2015},
  url       = {http://arxiv.org/abs/1512.03385},
  archivePrefix = {arXiv},
  eprint    = {1512.03385},
  timestamp = {Wed, 17 Apr 2019 17:23:45 +0200},
  biburl    = {https://dblp.org/rec/journals/corr/HeZRS15.bib},
  bibsource = {dblp computer science bibliography, https://dblp.org}
}
@article{DBLP:journals/corr/RedmonDGF15,
  author    = {Joseph Redmon and
               Santosh Kumar Divvala and
               Ross B. Girshick and
               Ali Farhadi},
  title     = {You Only Look Once: Unified, Real-Time Object Detection},
  journal   = {CoRR},
  volume    = {abs/1506.02640},
  year      = {2015},
  url       = {http://arxiv.org/abs/1506.02640},
  archivePrefix = {arXiv},
  eprint    = {1506.02640},
  timestamp = {Mon, 13 Aug 2018 16:48:08 +0200},
  biburl    = {https://dblp.org/rec/journals/corr/RedmonDGF15.bib},
  bibsource = {dblp computer science bibliography, https://dblp.org}
}

@article{tvm_paper_0,
  author    = {Tianqi Chen and
               Thierry Moreau and
               Ziheng Jiang and
               Haichen Shen and
               Eddie Q. Yan and
               Leyuan Wang and
               Yuwei Hu and
               Luis Ceze and
               Carlos Guestrin and
               Arvind Krishnamurthy},
  title     = {{TVM:} End-to-End Optimization Stack for Deep Learning},
  journal   = {CoRR},
  volume    = {abs/1802.04799},
  year      = {2018},
  url       = {http://arxiv.org/abs/1802.04799},
  archivePrefix = {arXiv},
  eprint    = {1802.04799},
  timestamp = {Mon, 13 Aug 2018 16:47:02 +0200},
  biburl    = {https://dblp.org/rec/journals/corr/abs-1802-04799.bib},
  bibsource = {dblp computer science bibliography, https://dblp.org}
}

@online{apache_tvm,
title = {{Apache TVM An End to End Deep Learning Compiler Stack}},
institution={Apache TVM},
url={https://tvm.apache.org/},
}

@online{armnn,
title = {{Arm NN}},
institution={ARM Inc.},
url={https://developer.arm.com/ip-products/processors/machine-learning/arm-nn},
}

@online{onnx_runtime,
title = {{ONNX Runtime}},
institution={Microsoft},
url={https://microsoft.github.io/onnxruntime/},
}


@article{DBLP:journals/corr/abs-1808-04311,
  author    = {Junsong Wang and
               Qiuwen Lou and
               Xiaofan Zhang and
               Chao Zhu and
               Yonghua Lin and
               Deming Chen},
  title     = {Design Flow of Accelerating Hybrid Extremely Low Bit-width Neural
               Network in Embedded {FPGA}},
  journal   = {CoRR},
  volume    = {abs/1808.04311},
  year      = {2018},
  url       = {http://arxiv.org/abs/1808.04311},
  archivePrefix = {arXiv},
  eprint    = {1808.04311},
  timestamp = {Sun, 02 Sep 2018 15:01:56 +0200},
  biburl    = {https://dblp.org/rec/journals/corr/abs-1808-04311.bib},
  bibsource = {dblp computer science bibliography, https://dblp.org}
}

@ARTICLE{7930521, author={K. {Guo} and L. {Sui} and J. {Qiu} and J. {Yu} and J. {Wang} and S. {Yao} and S. {Han} and Y. {Wang} and H. {Yang}}, journal={IEEE Transactions on Computer-Aided Design of Integrated Circuits and Systems}, title={Angel-Eye: A Complete Design Flow for Mapping CNN Onto Embedded FPGA}, year={2018}, volume={37}, number={1}, pages={35-47},}

@inproceedings{10.1145/2847263.2847265,
author = {Qiu, Jiantao and Wang, Jie and Yao, Song and Guo, Kaiyuan and Li, Boxun and Zhou, Erjin and Yu, Jincheng and Tang, Tianqi and Xu, Ningyi and Song, Sen and Wang, Yu and Yang, Huazhong},
title = {Going Deeper with Embedded FPGA Platform for Convolutional Neural Network},
year = {2016},
isbn = {9781450338561},
publisher = {Association for Computing Machinery},
address = {New York, NY, USA},
url = {https://doi.org/10.1145/2847263.2847265},
doi = {10.1145/2847263.2847265},
booktitle = {Proceedings of the 2016 ACM/SIGDA International Symposium on Field-Programmable Gate Arrays},
pages = {26–35},
numpages = {10},
keywords = {convolutional neural network (cnn), dynamic-precision data quantization, embedded fpga, bandwidth utilization},
location = {Monterey, California, USA},
series = {FPGA ’16}
}

@article{DBLP:journals/corr/HanKMHLLXLYWYD16,
  author    = {Song Han and
               Junlong Kang and
               Huizi Mao and
               Yiming Hu and
               Xin Li and
               Yubin Li and
               Dongliang Xie and
               Hong Luo and
               Song Yao and
               Yu Wang and
               Huazhong Yang and
               William J. Dally},
  title     = {{ESE:} Efficient Speech Recognition Engine with Compressed {LSTM}
               on {FPGA}},
  journal   = {CoRR},
  volume    = {abs/1612.00694},
  year      = {2016},
  url       = {http://arxiv.org/abs/1612.00694},
  archivePrefix = {arXiv},
  eprint    = {1612.00694},
  timestamp = {Wed, 13 Mar 2019 16:20:48 +0100},
  biburl    = {https://dblp.org/rec/journals/corr/HanKMHLLXLYWYD16.bib},
  bibsource = {dblp computer science bibliography, https://dblp.org}
}

@article{DBLP:journals/corr/UmurogluFGBLJV16,
  author    = {Yaman Umuroglu and
               Nicholas J. Fraser and
               Giulio Gambardella and
               Michaela Blott and
               Philip Heng Wai Leong and
               Magnus Jahre and
               Kees A. Vissers},
  title     = {{FINN:} {A} Framework for Fast, Scalable Binarized Neural Network
               Inference},
  journal   = {CoRR},
  volume    = {abs/1612.07119},
  year      = {2016},
  url       = {http://arxiv.org/abs/1612.07119},
  archivePrefix = {arXiv},
  eprint    = {1612.07119},
  timestamp = {Mon, 13 Aug 2018 16:47:52 +0200},
  biburl    = {https://dblp.org/rec/journals/corr/UmurogluFGBLJV16.bib},
  bibsource = {dblp computer science bibliography, https://dblp.org}
}
@inproceedings{10.1145/3177540.3177559,
author = {Delaye, Elliott and Sirasao, Ashish and Ghasemi, Ehsan},
title = {Exploration and Tradeoffs of Different Kernels in FPGA Deep Learning Applications},
year = {2018},
isbn = {9781450356268},
publisher = {Association for Computing Machinery},
address = {New York, NY, USA},
url = {https://doi.org/10.1145/3177540.3177559},
doi = {10.1145/3177540.3177559},
booktitle = {Proceedings of the 2018 International Symposium on Physical Design},
pages = {42–47},
numpages = {6},
keywords = {deep learning, FPGA, quantization, systolic array},
location = {Monterey, California, USA},
series = {ISPD ’18}
}

@online{tvm_stack,
title = {{Apache TVM Deep Learning Compiler}},
institution={Apache TVM},
url={https://tvm.apache.org/2019/03/18/tvm-apache-announcemen},
}

@online{relay_add_op,
title = {{Adding an Operator to Relay}},
institution={Apache TVM},
url={https://docs.tvm.ai/dev/relay_add_op.html},

}

@online{tf_quant,
title = {{TensorFlow Quantization}},
institution={Google},
url={https://www.tensorflow.org/api_docs/python/tf/quantization/quantize},

}

@online{relay_expr,
title = {{TVM Relay Expressions}},
institution={Apache TVM},
url={https://docs.tvm.ai/api/python/relay/expr.html},
}

@online{relay_ir,
title = {{Introduction to Relay IR}},
institution={Apache TVM},
url={https://docs.tvm.ai/dev/relay_intro.html},
}

@online{relay_pass,
title = {{Relay Pass Infrastructure}},
institution={Apache TVM},
url={https://docs.tvm.ai/dev/relay_pass_infra.html},
}

@online{relay_nn_op,
title = {{Relay neural network operations}},
institution={Apache TVM},
url={https://docs.tvm.ai/api/python/relay/nn.html},
}


@INPROCEEDINGS{5200010,
  author={M. {Sankaradas} and V. {Jakkula} and S. {Cadambi} and S. {Chakradhar} and I. {Durdanovic} and E. {Cosatto} and H. P. {Graf}},
  booktitle={2009 20th IEEE International Conference on Application-specific Systems, Architectures and Processors}, 
  title={A Massively Parallel Coprocessor for Convolutional Neural Networks}, 
  year={2009},
  volume={},
  number={},
  pages={53-60},}
  
  @ARTICLE{8594633,
  author={A. {Shawahna} and S. M. {Sait} and A. {El-Maleh}},
  journal={IEEE Access}, 
  title={FPGA-Based Accelerators of Deep Learning Networks for Learning and Classification: A Review}, 
  year={2019},
  volume={7},
  number={},
  pages={7823-7859},}
  
  
 @online{tensorflow,
title = {{TensorFlow}},
institution={},
url={https://www.tensorflow.org/},
}

 @online{keras,
title = {{Keras: The Python Deep Learning API}},
institution={},
url={https://keras.io/},
}


 @online{mxnet,
title = {{MxNet}},
institution={Apache Foundation},
url={https://mxnet.apache.org/versions/1.6/},
}
 
 
@online{versal,
title = {{Versal Architecture and Product Data Sheet}},
institution={Xilinx Inc.},
url={https://www.xilinx.com/support/documentation/data_sheets/ds950-versal-overview.pdf},
} 
  
  
  @book{jrose,
    author    = {{S. Brown, J. Rose, R. Francis, Z. Vranesic}},
    title     = {Field programmable gate arrays},
    year      = "1992",
    publisher = "The Springer International Series in Engineering and Computer Science",
}


@article{DBLP:journals/corr/LaceyTA16,
  author    = {Griffin Lacey and
               Graham W. Taylor and
               Shawki Areibi},
  title     = {{Deep Learning on FPGAs: Past, Present, and Future}},
  journal   = {CoRR},
  volume    = {abs/1602.04283},
  year      = {2016},
  url       = {http://arxiv.org/abs/1602.04283},
  archivePrefix = {arXiv},
  eprint    = {1602.04283},
  timestamp = {Mon, 13 Aug 2018 16:48:32 +0200},
  biburl    = {https://dblp.org/rec/journals/corr/LaceyTA16.bib},
  bibsource = {dblp computer science bibliography, https://dblp.org}
}


@inbook{farabet_2011, place={Cambridge},
title={Large-Scale FPGA-Based Convolutional Networks},
DOI={10.1017/CBO9781139042918.020}, 
booktitle={Scaling up Machine Learning: Parallel and Distributed Approaches}, publisher={Cambridge University Press},
author={Farabet, Clément and Lecun, Yann and Kavukcuoglu, Koray and Martini, Berin and Akselrod, Polina and Talay, Selcuk and Culurciello, Eugenio},
editor={Bekkerman, Ron and Bilenko, Mikhail and Langford, JohnEditors}, 
year={2011},
pages={399–419}}

@InProceedings{zhao_optimizing_cnn_based_object_detection,
author="Zhao, Ruizhe
and Niu, Xinyu
and Wu, Yajie
and Luk, Wayne
and Liu, Qiang",
editor="Wong, Stephan
and Beck, Antonio Carlos
and Bertels, Koen
and Carro, Luigi",
title="Optimizing CNN-Based Object Detection Algorithms on Embedded FPGA Platforms",
booktitle="Applied Reconfigurable Computing",
year="2017",
publisher="Springer International Publishing",
address="Cham",
pages="255--267",
isbn="978-3-319-56258-2"
}

@article{DBLP:journals/corr/abs-1901-04988,
  title     = {A Survey of {FPGA} Based Deep Learning Accelerators: Challenges and
               Opportunities},
  journal   = {CoRR},
  volume    = {abs/1901.04988},
  year      = {2019},
  note      = {Withdrawn.},
  url       = {http://arxiv.org/abs/1901.04988},
  archivePrefix = {arXiv},
  eprint    = {1901.04988},
  timestamp = {Mon, 06 Jan 2020 16:04:37 +0100},
  biburl    = {https://dblp.org/rec/journals/corr/abs-1901-04988.bib},
  bibsource = {dblp computer science bibliography, https://dblp.org}
}


@article{DBLP:journals/corr/abs-1810-00952,
  author    = {Jared Roesch and
               Steven Lyubomirsky and
               Logan Weber and
               Josh Pollock and
               Marisa Kirisame and
               Tianqi Chen and
               Zachary Tatlock},
  title     = {Relay: {A} New {IR} for Machine Learning Frameworks},
  journal   = {CoRR},
  volume    = {abs/1810.00952},
  year      = {2018},
  url       = {http://arxiv.org/abs/1810.00952},
  archivePrefix = {arXiv},
  eprint    = {1810.00952},
  timestamp = {Tue, 30 Oct 2018 10:49:09 +0100},
  biburl    = {https://dblp.org/rec/journals/corr/abs-1810-00952.bib},
  bibsource = {dblp computer science bibliography, https://dblp.org}
}

@article{learning_to_optimize_tensor_programs,
  author    = {Tianqi Chen and
               Lianmin Zheng and
               Eddie Q. Yan and
               Ziheng Jiang and
               Thierry Moreau and
               Luis Ceze and
               Carlos Guestrin and
               Arvind Krishnamurthy},
  title     = {Learning to Optimize Tensor Programs},
  journal   = {CoRR},
  volume    = {abs/1805.08166},
  year      = {2018},
  url       = {http://arxiv.org/abs/1805.08166},
  archivePrefix = {arXiv},
  eprint    = {1805.08166},
  timestamp = {Mon, 13 Aug 2018 16:46:09 +0200},
  biburl    = {https://dblp.org/rec/journals/corr/abs-1805-08166.bib},
  bibsource = {dblp computer science bibliography, https://dblp.org}
}

@article{Moreau2018VTAAO,
  title={VTA: An Open Hardware-Software Stack for Deep Learning},
  author={Thierry Moreau and Tianqi Chen and Ziheng Jiang and Luis Ceze and Carlos Guestrin and Arvind Krishnamurthy},
  journal={ArXiv},
  year={2018},
  volume={abs/1807.04188}
}

@article{DBLP:journals/corr/abs-1807-04188,
  author    = {Thierry Moreau and
               Tianqi Chen and
               Ziheng Jiang and
               Luis Ceze and
               Carlos Guestrin and
               Arvind Krishnamurthy},
  title     = {{VTA:} An Open Hardware-Software Stack for Deep Learning},
  journal   = {CoRR},
  volume    = {abs/1807.04188},
  year      = {2018},
  url       = {http://arxiv.org/abs/1807.04188},
  archivePrefix = {arXiv},
  eprint    = {1807.04188},
  timestamp = {Mon, 13 Aug 2018 16:46:12 +0200},
  biburl    = {https://dblp.org/rec/journals/corr/abs-1807-04188.bib},
  bibsource = {dblp computer science bibliography, https://dblp.org}
}

@online{byoc,
title = {{How to Bring Your Own Codegen to TVM}},
institution={Apache TVM},
url={https://tvm.apache.org/2020/07/15/how-to-bring-your-own-codegen-to-tvm},
}

@online{onnx,
title = {{ONNX Runtime}},
institution={Microsoft},
url={https://microsoft.github.io/onnxruntime/},
}

@online{tf_lite,
title = {{TensorFlow Lite}},
institution={Google},
url={https://www.tensorflow.org/lite},
}


@article{10.1145/1816038.1815993,
author = {Chakradhar, Srimat and Sankaradas, Murugan and Jakkula, Venkata and Cadambi, Srihari},
title = {A Dynamically Configurable Coprocessor for Convolutional Neural Networks},
year = {2010},
issue_date = {June 2010},
publisher = {Association for Computing Machinery},
address = {New York, NY, USA},
volume = {38},
number = {3},
issn = {0163-5964},
url = {https://doi.org/10.1145/1816038.1815993},
doi = {10.1145/1816038.1815993},
journal = {SIGARCH Comput. Archit. News},
month = jun,
pages = {247–257},
numpages = {11},
keywords = {convolutional neural networks, parallel computer architecture, dynamic reconfiguration}
}

@INPROCEEDINGS{5272559,
  author={C. {Farabet} and C. {Poulet} and J. Y. {Han} and Y. {LeCun}},
  booktitle={2009 International Conference on Field Programmable Logic and Applications}, 
  title={CNP: An FPGA-based processor for Convolutional Networks}, 
  year={2009},
  volume={},
  number={},
  pages={32-37},}
  
  @ARTICLE{8412552,
  author={L. {Gong} and C. {Wang} and X. {Li} and H. {Chen} and X. {Zhou}},
  journal={IEEE Transactions on Computer-Aided Design of Integrated Circuits and Systems}, 
  title={MALOC: A Fully Pipelined FPGA Accelerator for Convolutional Neural Networks With All Layers Mapped on Chip}, 
  year={2018},
  volume={37},
  number={11},
  pages={2601-2612},}
  
  @INPROCEEDINGS{7858394,  author={Y. {Guan} and Z. {Yuan} and G. {Sun} and J. {Cong}},  booktitle={2017 22nd Asia and South Pacific Design Automation Conference (ASP-DAC)},   title={FPGA-based accelerator for long short-term memory recurrent neural networks},   year={2017},  volume={},  number={},  pages={629-634},}
  
  @INPROCEEDINGS{7966671,  author={Y. {Guan} and H. {Liang} and N. {Xu} and W. {Wang} and S. {Shi} and X. {Chen} and G. {Sun} and W. {Zhang} and J. {Cong}},  booktitle={2017 IEEE 25th Annual International Symposium on Field-Programmable Custom Computing Machines (FCCM)},   title={FP-DNN: An Automated Framework for Mapping Deep Neural Networks onto FPGAs with RTL-HLS Hybrid Templates},   year={2017},  volume={},  number={},  pages={152-159},}
  
  @INPROCEEDINGS{7478821,
  author={ {Jian Ouyang} and  {Shiding Lin} and  {Wei Qi} and  {Yong Wang} and  {Bo Yu} and  {Song Jiang}},
  booktitle={2014 IEEE Hot Chips 26 Symposium (HCS)}, 
  title={SDA: Software-defined accelerator for large-scale DNN systems}, 
  year={2014},
  volume={},
  number={},
  pages={1-23},}
  
  @article{DBLP:journals/corr/SimonyanZ14a,
  added-at = {2016-11-19T13:14:27.000+0100},
  author = {Simonyan, Karen and Zisserman, Andrew},
  bibsource = {dblp computer science bibliography, http://dblp.org},
  biburl = {https://www.bibsonomy.org/bibtex/20ee0434e0a70b329d5518f43f1742f7a/albinzehe},
  interhash = {4e6fa56cb7cf99400d5701543ee228de},
  intrahash = {0ee0434e0a70b329d5518f43f1742f7a},
  journal = {CoRR},
  keywords = {cnn ma-zehe neuralnet},
  timestamp = {2016-11-19T13:14:27.000+0100},
  title = {Very Deep Convolutional Networks for Large-Scale Image Recognition},
  url = {http://arxiv.org/abs/1409.1556},
  volume = {abs/1409.1556},
  year = 2014
}

@INPROCEEDINGS{8445088,
  author={R. {Zhao} and S. {Liu} and H. {Ng} and E. {Wang} and J. J. {Davis} and X. {Niu} and X. {Wang} and H. {Shi} and G. A. {Constantinides} and P. Y. K. {Cheung} and W. {Luk}},
  booktitle={2018 IEEE 29th Int. Conf. on (ASAP)}, 
  title={Hardware Compilation of Deep Neural Networks: An Overview}, 
  year={2018},
  volume={},
  number={},
  pages={1-8},}

@incollection{pytorch_paper,
title = {PyTorch: An Imperative Style, High-Performance Deep Learning Library},
author = {Paszke, Adam and Gross, Sam and Massa, Francisco and Lerer, Adam and Bradbury, James and Chanan, Gregory and Killeen, Trevor and Lin, Zeming and Gimelshein, Natalia and Antiga, Luca and Desmaison, Alban and Kopf, Andreas and Yang, Edward and DeVito, Zachary and Raison, Martin and Tejani, Alykhan and Chilamkurthy, Sasank and Steiner, Benoit and Fang, Lu and Bai, Junjie and Chintala, Soumith},
booktitle = {Advances in Neural Information Processing Systems 32},
editor = {H. Wallach and H. Larochelle and A. Beygelzimer and F. d\textquotesingle Alch\'{e}-Buc and E. Fox and R. Garnett},
pages = {8026--8037},
year = {2019},
publisher = {Curran Associates, Inc.},
url = {http://papers.nips.cc/paper/9015-pytorch-an-imperative-style-high-performance-deep-learning-library.pdf}
}

@INPROCEEDINGS{tpu_paper,
  author={N. P. {Jouppi} and C. {Young} and N. {Patil} and D. {Patterson} and G. {Agrawal} and R. {Bajwa} and S. {Bates} and S. {Bhatia} and N. {Boden} and A. {Borchers} and R. {Boyle} and P. {Cantin} and C. {Chao} and C. {Clark} and J. {Coriell} and M. {Daley} and M. {Dau} and J. {Dean} and B. {Gelb} and T. V. {Ghaemmaghami} and R. {Gottipati} and W. {Gulland} and R. {Hagmann} and C. R. {Ho} and D. {Hogberg} and J. {Hu} and R. {Hundt} and D. {Hurt} and J. {Ibarz} and A. {Jaffey} and A. {Jaworski} and A. {Kaplan} and H. {Khaitan} and D. {Killebrew} and A. {Koch} and N. {Kumar} and S. {Lacy} and J. {Laudon} and J. {Law} and D. {Le} and C. {Leary} and Z. {Liu} and K. {Lucke} and A. {Lundin} and G. {MacKean} and A. {Maggiore} and M. {Mahony} and K. {Miller} and R. {Nagarajan} and R. {Narayanaswami} and R. {Ni} and K. {Nix} and T. {Norrie} and M. {Omernick} and N. {Penukonda} and A. {Phelps} and J. {Ross} and M. {Ross} and A. {Salek} and E. {Samadiani} and C. {Severn} and G. {Sizikov} and M. {Snelham} and J. {Souter} and D. {Steinberg} and A. {Swing} and M. {Tan} and G. {Thorson} and B. {Tian} and H. {Toma} and E. {Tuttle} and V. {Vasudevan} and R. {Walter} and W. {Wang} and E. {Wilcox} and D. H. {Yoon}},
  booktitle={2017 ACM/IEEE 44th Annu. Int. Symp. on Comp. Arch. (ISCA)}, 
  title={In-datacenter performance analysis of a tensor processing unit}, 
  year={2017},
  volume={},
  number={},
  pages={1-12},}

@inproceedings{tvm_paper,
  title={TVM: An Automated End-to-End Optimizing Compiler for Deep Learning},
  author={T. Chen and T. Moreau and Ziheng Jiang and Lianmin Zheng and Eddie Q. Yan and Haichen Shen and Meghan Cowan and Leyuan Wang and Yuwei Hu and L. Ceze and Carlos Guestrin and A. Krishnamurthy},
  booktitle={OSDI},
  year={2018}
}

@ARTICLE{vta_paper,
  author={T. {Moreau} and T. {Chen} and L. {Vega} and J. {Roesch} and E. {Yan} and L. {Zheng} and J. {Fromm} and Z. {Jiang} and L. {Ceze} and C. {Guestrin} and A. {Krishnamurthy}},
  journal={IEEE Micro}, 
  title={A Hardware–Software Blueprint for Flexible Deep Learning Specialization}, 
  year={2019},
  volume={39},
  number={5},
  pages={8-16},}

@online{onnx_stack,
title = {{ONNX Runtime Training Technical Deep Dive}},
institution={Microsoft Inc.},
url={http://thewindowsupdate.com/2020/05/19/onnx-runtime-training-technical-deep-dive/},
}

@online{dpuv1_op_support,
title = {{Machine Learning Suite Overview}},
institution={Xilinx Inc.},
url={http://thewindowsupdate.com/2020/05/19/onnx-runtime-training-technical-deep-dive/},
}

@online{vitis-ai-ug,
title = {{Vitis AI User Guide}},
institution={Xilinx Inc.},
url={https://www.xilinx.com/support/documentation/sw_manuals/vitis_ai/1_2/ug1414-vitis-ai.pdf},
}


@online{vitis-ai,
title = {{Xilinx Vitis AI}},
institution={Xilinx Inc.},
url={https://www.xilinx.com/products/design-tools/vitis/vitis-ai.html
},
}

@online{au200,
title = {{Alveo U200 Data Center Accelerator Card}},
institution={Xilinx Inc.},
url={https://www.xilinx.com/products/boards-and-kits/alveo/u200.html},
}

@online{zcu104,
title = {{Zynq Ultrascale+ MPSoC ZCU104 Evaluation Kit}},
institution={Xilinx Inc.},
url={https://www.xilinx.com/products/boards-and-kits/zcu104.html},
}


@online{vitis-ai-github,
title = {{Vitis-AI Github}},
institution={Xilinx Inc.},
url={https://github.com/Xilinx/Vitis-AI},
}

